<?xml version="1.0" encoding="UTF-8"?><collection xmlns="http://www.loc.gov/MARC21/slim"><record><leader>00418nam--2200169-i-4500</leader><controlfield tag="001">000049971</controlfield><controlfield tag="002">20161230</controlfield><controlfield tag="005">20161230201047</controlfield><controlfield tag="008">060222s1000------------r-----000-0-rus-d</controlfield><datafield ind1=" " ind2=" " tag="040"><subfield code="a">IFIN-HH</subfield></datafield><datafield ind1=" " ind2=" " tag="041"><subfield code="a">rus</subfield></datafield><datafield ind1="1" ind2=" " tag="100"><subfield code="a">Ahiezer, N.I</subfield></datafield><datafield ind1="1" ind2="0" tag="245"><subfield code="a">Lekcii po variacionnym ischisleniiam</subfield><subfield code="c">N.i. ahiezer</subfield></datafield><datafield ind1=" " ind2=" " tag="260"><subfield code="a">Moskva</subfield><subfield code="b">Gostehizdat</subfield><subfield code="c">1955</subfield></datafield><datafield ind1=" " ind2=" " tag="300"><subfield code="a">248S</subfield></datafield><datafield ind1=" " ind2=" " tag="852"><subfield code="a">3899</subfield><subfield code="c">519.3</subfield></datafield><datafield ind1=" " ind2=" " tag="CAT"><subfield code="a">Sys</subfield><subfield code="c">20140318</subfield><subfield code="h">165115</subfield></datafield></record></collection>